@InProceedings{Behley_2019_SemanticKITTI,
author = {Behley, Jens and Garbade, Martin and Milioto, Andres and Quenzel, Jan and Behnke, Sven and Stachniss, Cyrill and Gall, Jurgen},
title = {SemanticKITTI: A Dataset for Semantic Scene Understanding of LiDAR Sequences},
booktitle = {Proceedings of the IEEE/CVF International Conference on Computer Vision (ICCV)},
month = {October},
year = {2019}
}

@InProceedings{armeni_2016_S3DIS,
	title ={3D Semantic Parsing of Large-Scale Indoor Spaces},
	author = {Iro Armeni and Ozan Sener and Amir R. Zamir and Helen Jiang and Ioannis Brilakis and Martin Fischer and Silvio Savarese},
	booktitle = {Proceedings of the IEEE International Conference on Computer Vision and Pattern Recognition},
	year = {2016}, }