% Encoding: UTF-8
@INPROCEEDINGS{Milioto2019,
  author={Milioto, Andres and Vizzo, Ignacio and Behley, Jens and Stachniss, Cyrill},
  booktitle={2019 IEEE/RSJ International Conference on Intelligent Robots and Systems (IROS)}, 
  title={RangeNet ++: Fast and Accurate LiDAR Semantic Segmentation}, 
  year={2019},
  volume={},
  number={},
  pages={4213-4220},
  doi={10.1109/IROS40897.2019.8967762}
  }
@article{bhandary2020evaluating,
  title={Evaluating Uncertainty Estimation Methods on 3D Semantic Segmentation of Point Clouds},
  author={Bhandary K, Swaroop and Hochgeschwender, Nico and Pl{\"o}ger, Paul and Kirchner, Frank and Valdenegro-Toro, Matias},
  journal={arXiv e-prints},
  pages={arXiv--2007},
  year={2020}
}
@InProceedings{Behley_2019_ICCV,
author = {Behley, Jens and Garbade, Martin and Milioto, Andres and Quenzel, Jan and Behnke, Sven and Stachniss, Cyrill and Gall, Jurgen},
title = {SemanticKITTI: A Dataset for Semantic Scene Understanding of LiDAR Sequences},
booktitle = {Proceedings of the IEEE/CVF International Conference on Computer Vision (ICCV)},
month = {October},
year = {2019}
}

@inproceedings{caesar2020nuscenes,
  title={nuscenes: A multimodal dataset for autonomous driving},
  author={Caesar, Holger and Bankiti, Varun and Lang, Alex H and Vora, Sourabh and Liong, Venice Erin and Xu, Qiang and Krishnan, Anush and Pan, Yu and Baldan, Giancarlo and Beijbom, Oscar},
  booktitle={Proceedings of the IEEE/CVF conference on computer vision and pattern recognition},
  pages={11621--11631},
  year={2020}
}
@inproceedings{de2013unsupervised,
  title={Unsupervised feature learning for classification of outdoor 3d scans},
  author={De Deuge, Mark and Quadros, Alastair and Hung, Calvin and Douillard, Bertrand},
  booktitle={Australasian Conference on Robitics and Automation},
  volume={2},
  pages={1},
  year={2013}
}
@article{thrun2006stanley,
  title={Stanley: The robot that won the DARPA Grand Challenge},
  author={Thrun, Sebastian and Montemerlo, Mike and Dahlkamp, Hendrik and Stavens, David and Aron, Andrei and Diebel, James and Fong, Philip and Gale, John and Halpenny, Morgan and Hoffmann, Gabriel and others},
  journal={Journal of field Robotics},
  volume={23},
  number={9},
  pages={661--692},
  year={2006},
  publisher={Wiley Online Library}
}
@article{patz2008practical,
  title={A practical approach to robotic design for the darpa urban challenge},
  author={Patz, Benjamin J and Papelis, Yiannis and Pillat, Remo and Stein, Gary and Harper, Don},
  journal={Journal of Field Robotics},
  volume={25},
  number={8},
  pages={528--566},
  year={2008},
  publisher={Wiley Online Library}
}
@article{li2016vehicle,
  title={Vehicle detection from 3d lidar using fully convolutional network},
  author={Li, Bo and Zhang, Tianlei and Xia, Tian},
  journal={arXiv preprint arXiv:1608.07916},
  year={2016}
}
@article{ZHU201612,
title = {Beyond pixels: A comprehensive survey from bottom-up to semantic image segmentation and cosegmentation},
journal = {Journal of Visual Communication and Image Representation},
volume = {34},
pages = {12-27},
year = {2016},
issn = {1047-3203},
doi = {https://doi.org/10.1016/j.jvcir.2015.10.012},
author = {Hongyuan Zhu and Fanman Meng and Jianfei Cai and Shijian Lu},
}
@article{qi2017pointnet++,
  title={Pointnet++: Deep hierarchical feature learning on point sets in a metric space},
  author={Qi, Charles R and Yi, Li and Su, Hao and Guibas, Leonidas J},
  journal={arXiv preprint arXiv:1706.02413},
  year={2017}
}
@InProceedings{Hu_2020_CVPR_Randla,
author = {Hu, Qingyong and Yang, Bo and Xie, Linhai and Rosa, Stefano and Guo, Yulan and Wang, Zhihua and Trigoni, Niki and Markham, Andrew},
title = {RandLA-Net: Efficient Semantic Segmentation of Large-Scale Point Clouds},
booktitle = {Proceedings of the IEEE/CVF Conference on Computer Vision and Pattern Recognition (CVPR)},
month = {June},
year = {2020}
}
@INPROCEEDINGS{Sequesesegv3_2018,
  author={Wu, Bichen and Wan, Alvin and Yue, Xiangyu and Keutzer, Kurt},
  booktitle={2018 IEEE International Conference on Robotics and Automation (ICRA)}, 
  title={SqueezeSeg: Convolutional Neural Nets with Recurrent CRF for Real-Time Road-Object Segmentation from 3D LiDAR Point Cloud}, 
  year={2018},
  volume={},
  number={},
  pages={1887-1893},
  doi={10.1109/ICRA.2018.8462926}
}
@InProceedings{SalsaNext_2020,
author="Cortinhal, Tiago
and Tzelepis, George
and Erdal Aksoy, Eren",
editor="Bebis, George
and Yin, Zhaozheng
and Kim, Edward
and Bender, Jan
and Subr, Kartic
and Kwon, Bum Chul
and Zhao, Jian
and Kalkofen, Denis
and Baciu, George",
title="SalsaNext: Fast, Uncertainty-Aware Semantic Segmentation of LiDAR Point Clouds",
booktitle="Advances in Visual Computing",
year="2020",
publisher="Springer International Publishing",
address="Cham",
pages="207--222",
isbn="978-3-030-64559-5"
}
@InProceedings{Qi_2017_CVPR_pointnet,
author = {Qi, Charles R. and Su, Hao and Mo, Kaichun and Guibas, Leonidas J.},
title = {PointNet: Deep Learning on Point Sets for 3D Classification and Segmentation},
booktitle = {Proceedings of the IEEE Conference on Computer Vision and Pattern Recognition (CVPR)},
month = {July},
year = {2017}
}
@InProceedings{Su_2018_CVPR_splatnet,
author = {Su, Hang and Jampani, Varun and Sun, Deqing and Maji, Subhransu and Kalogerakis, Evangelos and Yang, Ming-Hsuan and Kautz, Jan},
title = {SPLATNet: Sparse Lattice Networks for Point Cloud Processing},
booktitle = {Proceedings of the IEEE Conference on Computer Vision and Pattern Recognition (CVPR)},
month = {June},
year = {2018}
}
@InProceedings{Tatarchenko_2018_CVPR_tangconv,
author = {Tatarchenko, Maxim and Park, Jaesik and Koltun, Vladlen and Zhou, Qian-Yi},
title = {Tangent Convolutions for Dense Prediction in 3D},
booktitle = {Proceedings of the IEEE Conference on Computer Vision and Pattern Recognition (CVPR)},
month = {June},
year = {2018}
}
@InProceedings{Zhang_2019_ICCV_shellnet,
author = {Zhang, Zhiyuan and Hua, Binh-Son and Yeung, Sai-Kit},
title = {ShellNet: Efficient Point Cloud Convolutional Neural Networks Using Concentric Shells Statistics},
booktitle = {Proceedings of the IEEE/CVF International Conference on Computer Vision (ICCV)},
month = {October},
year = {2019}
}
@article{li2018pointcnn,
  title={Pointcnn: Convolution on x-transformed points},
  author={Li, Yangyan and Bu, Rui and Sun, Mingchao and Wu, Wei and Di, Xinhan and Chen, Baoquan},
  journal={Advances in neural information processing systems},
  volume={31},
  pages={820--830},
  year={2018}
}
@ARTICLE{3Dmininet,
  author={Alonso, IÃ±igo and Riazuelo, Luis and Montesano, Luis and Murillo, Ana C.},
  journal={IEEE Robotics and Automation Letters}, 
  title={3D-MiniNet: Learning a 2D Representation From Point Clouds for Fast and Efficient 3D LIDAR Semantic Segmentation}, 
  year={2020},
  volume={5},
  number={4},
  pages={5432-5439},
  doi={10.1109/LRA.2020.3007440}
}
@article{kochanov2020kprnet,
  title={Kprnet: Improving projection-based lidar semantic segmentation},
  author={Kochanov, Deyvid and Nejadasl, Fatemeh Karimi and Booij, Olaf},
  journal={arXiv preprint arXiv:2007.12668},
  year={2020}
}
@INPROCEEDINGS{liseg,
  author={Zhang, Wenquan and Zhou, Chancheng and Yang, Junjie and Huang, Kai},
  booktitle={2018 IEEE Intelligent Vehicles Symposium (IV)}, 
  title={LiSeg: Lightweight Road-object Semantic Segmentation In 3D LiDAR Scans For Autonomous Driving}, 
  year={2018},
  volume={},
  number={},
  pages={1021-1026},
  doi={10.1109/IVS.2018.8500701}
}
@article{wang2018two_3DUnet,
  title={A two-stage 3D Unet framework for multi-class segmentation on full resolution image},
  author={Wang, Chengjia and MacGillivray, Tom and Macnaught, Gillian and Yang, Guang and Newby, David},
  journal={arXiv preprint arXiv:1804.04341},
  year={2018}
}
@article{zhou2020cylinder3d,
  title={Cylinder3d: An effective 3d framework for driving-scene lidar semantic segmentation},
  author={Zhou, Hui and Zhu, Xinge and Song, Xiao and Ma, Yuexin and Wang, Zhe and Li, Hongsheng and Lin, Dahua},
  journal={arXiv preprint arXiv:2008.01550},
  year={2020}
}
@article{dyn_graph_cnn,
author = {Wang, Yue and Sun, Yongbin and Liu, Ziwei and Sarma, Sanjay E. and Bronstein, Michael M. and Solomon, Justin M.},
title = {Dynamic Graph CNN for Learning on Point Clouds},
year = {2019},
issue_date = {November 2019},
publisher = {Association for Computing Machinery},
address = {New York, NY, USA},
volume = {38},
number = {5},
issn = {0730-0301},
doi = {10.1145/3326362},
journal = {ACM Trans. Graph.},
month = oct,
articleno = {146},
numpages = {12},
keywords = {classification, Point cloud, segmentation}
}
@InProceedings{Wang_2019_CVPR_GACNet,
author = {Wang, Lei and Huang, Yuchun and Hou, Yaolin and Zhang, Shenman and Shan, Jie},
title = {Graph Attention Convolution for Point Cloud Semantic Segmentation},
booktitle = {Proceedings of the IEEE/CVF Conference on Computer Vision and Pattern Recognition (CVPR)},
month = {June},
year = {2019}
}
@INPROCEEDINGS{oakland,
  author={Munoz, Daniel and Bagnell, J. Andrew and Vandapel, Nicolas and Hebert, Martial},
  booktitle={2009 IEEE Conference on Computer Vision and Pattern Recognition}, 
  title={Contextual classification with functional Max-Margin Markov Networks}, 
  year={2009},
  volume={},
  number={},
  pages={975-982},
  doi={10.1109/CVPR.2009.5206590}}
@article{gehrung2017approach_tum_campus,
  title={AN APPROACH TO EXTRACT MOVING OBJECTS FROM MLS DATA USING A VOLUMETRIC BACKGROUND REPRESENTATION.},
  author={Gehrung, Joachim and Hebel, Marcus and Arens, Michael and Stilla, Uwe},
  journal={ISPRS Annals of Photogrammetry, Remote Sensing \& Spatial Information Sciences},
  volume={4},
  year={2017}
}
@InProceedings{Armeni_2016_CVPR_S3DIS,
author = {Armeni, Iro and Sener, Ozan and Zamir, Amir R. and Jiang, Helen and Brilakis, Ioannis and Fischer, Martin and Savarese, Silvio},
title = {3D Semantic Parsing of Large-Scale Indoor Spaces},
booktitle = {Proceedings of the IEEE Conference on Computer Vision and Pattern Recognition (CVPR)},
month = {June},
year = {2016}
}
@article{roynard2018paris,
  title={Paris-Lille-3D: A large and high-quality ground-truth urban point cloud dataset for automatic segmentation and classification},
  author={Roynard, Xavier and Deschaud, Jean-Emmanuel and Goulette, Fran{\c{c}}ois},
  journal={The International Journal of Robotics Research},
  volume={37},
  number={6},
  pages={545--557},
  year={2018},
  publisher={SAGE Publications Sage UK: London, England}
}
@article{hackel2017semantic3d,
  title={Semantic3d. net: A new large-scale point cloud classification benchmark},
  author={Hackel, Timo and Savinov, Nikolay and Ladicky, Lubor and Wegner, Jan D and Schindler, Konrad and Pollefeys, Marc},
  journal={arXiv preprint arXiv:1704.03847},
  year={2017}
}
@article{geyer2020a2d2,
  title={A2D2: Audi autonomous driving dataset},
  author={Geyer, Jakob and Kassahun, Yohannes and Mahmudi, Mentar and Ricou, Xavier and Durgesh, Rupesh and Chung, Andrew S and Hauswald, Lorenz and Pham, Viet Hoang and M{\"u}hlegg, Maximilian and Dorn, Sebastian and others},
  journal={arXiv preprint arXiv:2004.06320},
  year={2020}
}
@InProceedings{Xie_2016_CVPR_KITTI_360,
author = {Xie, Jun and Kiefel, Martin and Sun, Ming-Ting and Geiger, Andreas},
title = {Semantic Instance Annotation of Street Scenes by 3D to 2D Label Transfer},
booktitle = {Proceedings of the IEEE Conference on Computer Vision and Pattern Recognition (CVPR)},
month = {June},
year = {2016}
}
@INPROCEEDINGS{KITTI,
  author={Geiger, Andreas and Lenz, Philip and Urtasun, Raquel},
  booktitle={2012 IEEE Conference on Computer Vision and Pattern Recognition}, 
  title={Are we ready for autonomous driving? The KITTI vision benchmark suite}, 
  year={2012},
  volume={},
  number={},
  pages={3354-3361},
  doi={10.1109/CVPR.2012.6248074}
}
@INPROCEEDINGS{H3D,
  author={Patil, Abhishek and Malla, Srikanth and Gang, Haiming and Chen, Yi-Ting},
  booktitle={2019 International Conference on Robotics and Automation (ICRA)}, 
  title={The H3D Dataset for Full-Surround 3D Multi-Object Detection and Tracking in Crowded Urban Scenes}, 
  year={2019},
  volume={},
  number={},
  pages={9552-9557},
  doi={10.1109/ICRA.2019.8793925}
}

@InProceedings{Bijelic_2020_CVPR_DENSE,
author = {Bijelic, Mario and Gruber, Tobias and Mannan, Fahim and Kraus, Florian and Ritter, Werner and Dietmayer, Klaus and Heide, Felix},
title = {Seeing Through Fog Without Seeing Fog: Deep Multimodal Sensor Fusion in Unseen Adverse Weather},
booktitle = {Proceedings of the IEEE/CVF Conference on Computer Vision and Pattern Recognition (CVPR)},
month = {June},
year = {2020}
}
@article{griffiths2019synthcity,
  title={SynthCity: A large scale synthetic point cloud},
  author={Griffiths, David and Boehm, Jan},
  journal={arXiv preprint arXiv:1907.04758},
  year={2019}
}
@InProceedings{GTAV,
author="Richter, Stephan R.
and Vineet, Vibhav
and Roth, Stefan
and Koltun, Vladlen",
editor="Leibe, Bastian
and Matas, Jiri
and Sebe, Nicu
and Welling, Max",
title="Playing for Data: Ground Truth from Computer Games",
booktitle="Computer Vision -- ECCV 2016",
year="2016",
publisher="Springer International Publishing",
address="Cham",
pages="102--118",
isbn="978-3-319-46475-6"
}
@article{hendrycks2016baseline_MSP,
  title={A baseline for detecting misclassified and out-of-distribution examples in neural networks},
  author={Hendrycks, Dan and Gimpel, Kevin},
  journal={arXiv preprint arXiv:1610.02136},
  year={2016}
}
@article{liang2017enhancing_ODIN,
  title={Enhancing the reliability of out-of-distribution image detection in neural networks},
  author={Liang, Shiyu and Li, Yixuan and Srikant, Rayadurgam},
  journal={arXiv preprint arXiv:1706.02690},
  year={2017}
}
@article{lee2018simple_mahalanobis,
  title={A simple unified framework for detecting out-of-distribution samples and adversarial attacks},
  author={Lee, Kimin and Lee, Kibok and Lee, Honglak and Shin, Jinwoo},
  journal={Advances in neural information processing systems},
  volume={31},
  year={2018}
}
@article{hendrycks2018deep_OE,
  title={Deep anomaly detection with outlier exposure},
  author={Hendrycks, Dan and Mazeika, Mantas and Dietterich, Thomas},
  journal={arXiv preprint arXiv:1812.04606},
  year={2018}
}
@article{chen2020robust,
  title={Robust out-of-distribution detection for neural networks},
  author={Chen, Jiefeng and Li, Yixuan and Wu, Xi and Liang, Yingyu and Jha, Somesh},
  journal={arXiv preprint arXiv:2003.09711},
  year={2020}
}
@article{lakshminarayanan2016simple,
  title={Simple and scalable predictive uncertainty estimation using deep ensembles},
  author={Lakshminarayanan, Balaji and Pritzel, Alexander and Blundell, Charles},
  journal={arXiv preprint arXiv:1612.01474},
  year={2016}
}

@InProceedings{pmlr-v119-van-amersfoort20a,
  title = 	 {Uncertainty Estimation Using a Single Deep Deterministic Neural Network},
  author =       {Van Amersfoort, Joost and Smith, Lewis and Teh, Yee Whye and Gal, Yarin},
  booktitle = 	 {Proceedings of the 37th International Conference on Machine Learning},
  pages = 	 {9690--9700},
  year = 	 {2020},
  editor = 	 {III, Hal DaumÃ© and Singh, Aarti},
  volume = 	 {119},
  series = 	 {Proceedings of Machine Learning Research},
  month = 	 {13--18 Jul},
  publisher =    {PMLR},
}
@Misc{tesla_fails,
  author          = {Tim Levin},
  title           = {Tesla's Full Self-Driving tech keeps getting fooled by the moon, billboards, and Burger King signs},
  year            = {2021},
  url             = {https://www.businessinsider.com/tesla-fsd-full-self-driving-traffic-light-fooled-moon-video-2021-7},
  last_accessed   = {16-Aug-2021}
}
@Comment{jabref-meta: databaseType:bibtex;}
